@online{RN34,
   title = {Developing using native libraries - ImageJ},
   url = {http://imagej.net/Developing_using_native_libraries},
   urldate= {2016-11-18},
   type = {Web Page}

}

@online{RN8,
   author = {Apple Inc.},
   title = {Protocol NSAccessibility},
   url = {https://developer.apple.com/reference/appkit/nsaccessibility},
   year = {2016},
   urldate= {2016-10-31},
   type = {Web Page}

}

@online{RN26,
   author = {Athens, Nick},
   title = {Accessibility/Mir - Ubuntu Wiki},
   url = {https://wiki.ubuntu.com/Accessibility/Mir},
   year = {(2013-06)},
   urldate= {2016-11-04},
   type = {Web Page}

}

@online{RN15,
   author = {{Oracle Corporation}},
   title = {Java Accessibility Guide},
   url = {http://docs.oracle.com/javase/7/docs/technotes/guides/access/index.html},
   year = {2016},
   urldate= {2016-11-1},
   type = {Web Page}

}

@online{RN28,
   author = {DistroWatch},
   title = {Page Hit Ranking},
   url = {http://distrowatch.com/dwres.php?resource=popularity},
   year = {2016},
   urldate= {2016-11-5},
   type = {Web Page}

}

@online{RN18,
   author = {{The Apache Software Foundation}},
   title = {OpenOffice Accessibility Project},
   url = {https://www.openoffice.org/ui/accessibility/},
   year = {n.d.},
   urldate= {2016-11-2},
   type = {Web Page}

}

@online{RN11,
   author = {{Google Inc.}},
   title = {Accessibility},
   url = {https://developer.android.com/guide/topics/ui/accessibility/index.html},
   year = {n.d.},
   urldate = {2016-10-31},
   type = {Web Page}

}

@inproceedings{RN32,
   author = {Grechanik, Mark and Xie, Qing and Fu, Chen},
   title = {Creating GUI Testing Tools Using Accessibility Technologies},
   pages = {243-250},
   ISBN = {9781424443567;1424443563;0769536719;9780769536712;},
   DOI = {10.1109/ICSTW.2009.31},
   url = {http://openuniversiteit.summon.serialssolutions.com/2.0.0/link/0/eLvHCXMwlV3dS9xAEF-EvgiCFa-oVciTLxIbdzebBPFBjqpnX9pe_HiTzX5g6JkT7kT87zuzm71crqXFh4SQhbDLTGZnfzPzG0IYPU7iFZugGfKYs0pWVDBLdSXg3CJzDZfQzJHvfwPBX7Prn4jvL7KMEGeLXclJUz9JOTtuJosMDwMHSvjnfWZGO_hPTO592gDvQB-wuvYdGrH4KLyAZ9ALuINmwH3Faf7r_oShihUosCv8w-jBGGzzK6aElcjB4a3BLUzMtgBfSPm8BSfe92RyoPvscfo8W9bBofNIEeG6GYVvHZXT6WR25FMVzl27Rp-g-9bB_EuJjZdgkR9lU_9aLSy694GVH2FpqIMvPoGgrW4LWEbRO8y6mjvw3nx7jmBQPYlTuzdTT1L7p9l3rKmj4bi88xSk7c7SZ9LmhWPjO0RS9Sddq_mZaeKbMfIPsI7U7CTNGQ9OkNvPOdipRHjMB6Pd2UkRSgRxuqzlcQqDNDCJheV01K5felPsNfRx_kz5kQw6gUffFzqyRdZMs01Og9wikFvUyi1ycouc3KKe3KJluQ1IefG1HF7FbZONuE4ZjSVXnKs0sYabVAlRZXkOe7EyNMvAmTTSsgLsvtIVuDVapqnKVSKFNZkt0PlNPpENibUYzdzVbOodErHCZEpQraVG6qS04hlTyIZtbaI5VbvkANf98Oz5VB4Sd1IRPE8s0zJje_8Z_0zWfUwPgbB98sHCb2kOyKbrNxfSmUw9_w1H92IW},
   type = {Conference Proceedings}
}

@online{RN12,
   author = {Gunnar Schmidt and {The KDE community}},
   title = {GNOME Accessibility Architecture (ATK and AT-SPI)},
   url = {https://accessibility.kde.org/developer/atk.php#coreclasses},
   year = {n.d.},
   urldate={2016-10-31},
   type = {Web Page}

}

@online{RN23,
   author = {IBM},
   title = {Differentiating UNIX and Linux},
   url = {http://www.ibm.com/developerworks/aix/library/au-unix-difflinux.html},
   year = {2006},
   urldate= {2016-11-4},
   type = {Web Page}

}

@online{RN30,
   author = {KDE},
   title = {KDE Accessibility - Developers' Information},
   url = {https://accessibility.kde.org/developer/},
   year = {2016},
   urldate= {2016-11-5},
   type = {Web Page}

}

@online{RN29,
   author = {{Linux Format Magazine}},
   title = {How Linux works: the ultimate guide | TuxRadar Linux},
   url = {http://www.tuxradar.com/content/how-linux-works-ultimate-guide},
   year = {2010/5},
   urldate= {2016-11-5},
   type = {Web Page}

}

@online{RN4,
   author = {Merrill, David C.},
   title = {The Linux FAQ},
   url = {http://tldp.org/FAQ/Linux-FAQ/general.html},
   urldate = {2016-10-31},
   type = {Web Page}

}

@online{RN9,
   author = {{Microsoft Corporation}},
   title = {UI Automation and Active Accessibility},
   url = {https://msdn.microsoft.com/en-us/library/windows/desktop/ee671585(v=vs.85).aspx},
   year = {2016},
   urldate = {2016-10-31},
   type = {Web Page}

}

@online{RN16,
   author = {{Mozilla Developer Network}},
   title = {Mozilla accessibility architecture},
   url = { https://developer.mozilla.org/en-US/docs/Mozilla/Accessibility/Accessibility_architecture},
   year = {2013},
   urldate = {2016-11-1},
   type = {Web Page}

}

@online{RN27,
   author = {Prada, Mario Sanchez},
   title = {Accessibility in [WebKit]GTK+},
   url = {https://mariospr.org/2013/02/03/accessibility-in-webkitgtk/},
   year = {2013},
   urldate = {2016-11-4},
   type = {Web Page}

}

@inproceedings{RN1,
   author = {S., Bauersfeld and J., Vos T. E.},
   title = {GUITest: A Java Library for Fully Automated GUI
Robustness Testing},
   booktitle = {27th IEEE/ACM International Conference on Automated Software Engineering, ser. ASE 2012},
   pages = {330–333},
   url = {http://webtestar.dsic.upv.es/index.php/publications/},
   type = {Conference Proceedings}
}

@misc{RN2,
   pages = {7–12},
   year = {2012},
   type = {Conference Paper}
}

@online{RN33,
   author = {Salonen, Joni},
   title = {Calling C From Java Is Easy – The Mindful Programmer},
   url = {http://jonisalonen.com/2012/calling-c-from-java-is-easy/},
   year = {2016},
   urldate= {2016-11-5},
   type = {Web Page}

}

@online{RN5,
   author = {{The Gnome Project}},
   title = {ATK - Accessibility Toolkit},
   url = {https://developer.gnome.org/atk/},
   year = {2005-2014},
   urldate = {2016-10-14},
   type = {Web Page}

}

@online{RN13,
   author = {{The Gnome Project}},
   title = {Python Powered Accessibility},
   url = {https://wiki.gnome.org/Accessibility/PythonPoweredAccessibility},
   year = {2013},
   urldate = {2016-10-31},
   type = {Web Page}

}

@online{RN24,
   author = {{The Gnome Project}},
   title = {Making GNOME Accessible — Opening New Doors At the Workplace for Users with Disabilities},
   url = {https://www.gnome.org/press/2001/08/making-gnome-accessible-opening-new-doors-at-the-workplace-for-users-with-disabilities/},
   year = {(2001-8)},
   urldate = {2016-11-4},
   type = {Web Page}

}

@online{RN31,
   author = {{The Gnome Project}},
   title = {Accerciser},
   url = {https://help.gnome.org/users/accerciser/stable/index.html.en},
   year = {n.d.},
   urldate = {2016-11-7},
   type = {Web Page}

}

@online{RN20,
   author = {{The Gnome Project}},
   title = {How Accessibility Works in GNOME},
   url = {https://developer.gnome.org/accessibility-devel-guide/3.22/gad-how-it-works.html.en},
   year = {n.d.},
   urldate = {2016},
   type = {Web Page}

}

@online{RN19,
   author = {{The Gnome Project}},
   title = {Making Custom Components Accessible},
   url = {https://developer.gnome.org/accessibility-devel-guide/stable/gad-custom.html.en},
   year = {n.d.},
   urldate = {2016-11-2},
   type = {Web Page}

}

@online{RN21,
   author = {{The Gnome Project}},
   title = {State and StateSets},
   url = {https://developer.gnome.org/at-spi-cspi/stable/at-spi-cspi-State-and-StateSets.html},
   year = {n.d.},
   urldate = {2016-11-2},
   type = {Web Page}

}

@online{RN10,
   author = {{The Linux Foundation}},
   title = {IAccessible2},
   url = {https://wiki.linuxfoundation.org/accessibility/iaccessible2/start},
   year = {n.d.},
   urldate = {2016-10-31},
   type = {Web Page}

}

@online{RN7,
   author = {{Universitat Politècnica de València} and {Utrecht University} and { Open Universiteit}},
   title = {TESTAR: automated robustness testing at the UI level.},
   url = {www.testar.org},
   year = {2016},
   urldate = {2016-10-31},
   type = {Web Page}

}

@online{RN6,
   author = {Vincent, Alexander and Calum, Benson and Brian, Cameron and Bil, Haneman and Padraig, O'Brian and Sharon, Snider},
   title = {GNOME Accessibility Developers Guide version 3.22.1},
   url = {https://developer.gnome.org/accessibility-devel-guide/},
   urldate = {2016-10-17},
   type = {Web Page}

}

@online{RN3,
   author = {W3C},
   title = {Core Accessibility API mappings 1.1 },
   url = {https://www.w3.org/TR/accname-aam-1.1/},
   year = {2016},
   urldate = {2016-03-17},
   type = {Web Page}

}

@online{RN17,
   author = {W3C},
   title = {Web Accessibility Initiative (WAI)},
   url = {https://www.w3.org/WAI/},
   year = {2016},
   urldate = {2016-11-1},
   type = {Web Page}

}

@online{RN14,
   author = {Whyte, Rob },
   title = {Orca},
   url = {https://wiki.gnome.org/Projects/Orca},
   year = {2015-12},
   urldate = {2016-10-31},
   type = {Web Page}

}

